<record><leader>00000cas a2200000 a 4500</leader><controlfield tag="001">12961173</controlfield><controlfield tag="008">851231d18981924tnudr ne      0    0eng  </controlfield><datafield ind1=" " ind2=" " tag="010"><subfield code="a">sn 85042913 </subfield></datafield><datafield ind1=" " ind2=" " tag="040"><subfield code="a">DLC</subfield><subfield code="b">eng</subfield><subfield code="c">DLC</subfield><subfield code="d">KNP</subfield><subfield code="d">NVK</subfield><subfield code="d">TGN</subfield><subfield code="d">OCL</subfield><subfield code="d">DLC</subfield><subfield code="d">OCLCQ</subfield><subfield code="d">OCLCF</subfield></datafield><datafield ind1="1" ind2=" " tag="029"><subfield code="a">AU@</subfield><subfield code="b">000041710094</subfield></datafield><datafield ind1=" " ind2=" " tag="042"><subfield code="a">pcc</subfield></datafield><datafield ind1=" " ind2=" " tag="043"><subfield code="a">n-us-tn</subfield></datafield><datafield ind1="0" ind2="0" tag="050"><subfield code="a">Newspaper</subfield></datafield><datafield ind1="0" ind2=" " tag="130"><subfield code="a">Journal and tribune (Knoxville, Tenn. : Daily)</subfield></datafield><datafield ind1="1" ind2="4" tag="245"><subfield code="a">The journal and tribune.</subfield></datafield><datafield ind1="1" ind2=" " tag="246"><subfield code="i">Sunday issues for Dec. 7, 1913-Apr. 24, 1921 have title:</subfield><subfield code="a">Sunday journal and tribune</subfield></datafield><datafield ind1="1" ind2="7" tag="246"><subfield code="a">Knoxville daily journal</subfield></datafield><datafield ind1="3" ind2="0" tag="246"><subfield code="a">Daily journal and tribune</subfield></datafield><datafield ind1=" " ind2=" " tag="260"><subfield code="a">Knoxville, Tenn. :</subfield><subfield code="b">Journal Co.,</subfield><subfield code="c">1898-1924.</subfield></datafield><datafield ind1=" " ind2=" " tag="300"><subfield code="a">24 v. :</subfield><subfield code="b">ill. ;</subfield><subfield code="c">58 cm.</subfield></datafield><datafield ind1=" " ind2=" " tag="310"><subfield code="a">Daily</subfield></datafield><datafield ind1="0" ind2=" " tag="362"><subfield code="a">Vol. 14, no. 122 (June 30, 1898)-v. 37, no. 259 (June 25, 1924).</subfield></datafield><datafield ind1=" " ind2=" " tag="500"><subfield code="a">Publishers: Journal Co., June 30 -July 2, 1898; Journal and tribune Co., July 3, 1898-June 25, 1924.</subfield></datafield><datafield ind1=" " ind2=" " tag="515"><subfield code="a">Sunday issues for Dec. 7, 1913-May 1, 1921 have numbering: Vol. 1, no. 1-v. 8, no. 44.</subfield></datafield><datafield ind1=" " ind2=" " tag="530"><subfield code="a">Also issued on microfilm from Bell &amp; Howell, Micro Photo Div.; University Microfilms Inc., and the Library of Congress, Photoduplication Service.</subfield></datafield><datafield ind1=" " ind2=" " tag="580"><subfield code="a">Formed by the union of: Knoxville journal (Knoxville, Tenn. : 1886 : Daily), and: Knoxville tribune (Knoxville, Tenn. : 1892 : Daily).</subfield></datafield><datafield ind1=" " ind2="0" tag="651"><subfield code="a">Knoxville (Tenn.)</subfield><subfield code="v">Newspapers.</subfield></datafield><datafield ind1=" " ind2="0" tag="651"><subfield code="a">Knox County (Tenn.)</subfield><subfield code="v">Newspapers.</subfield></datafield><datafield ind1=" " ind2="7" tag="655"><subfield code="a">Newspapers.</subfield><subfield code="2">fast</subfield><subfield code="0">(OCoLC)fst01423814</subfield></datafield><datafield ind1=" " ind2="7" tag="651"><subfield code="a">Tennessee</subfield><subfield code="z">Knox County.</subfield><subfield code="2">fast</subfield><subfield code="0">(OCoLC)fst01215247</subfield></datafield><datafield ind1=" " ind2="7" tag="651"><subfield code="a">Tennessee</subfield><subfield code="z">Knoxville.</subfield><subfield code="2">fast</subfield><subfield code="0">(OCoLC)fst01206442</subfield></datafield><datafield ind1=" " ind2=" " tag="752"><subfield code="a">United States</subfield><subfield code="b">Tennessee</subfield><subfield code="c">Knox</subfield><subfield code="d">Knoxville.</subfield></datafield><datafield ind1="0" ind2=" " tag="775"><subfield code="t">Weekly journal and tribune</subfield><subfield code="w">(DLC)sn 96086904</subfield></datafield><datafield ind1="1" ind2="4" tag="780"><subfield code="t">Knoxville journal (Knoxville, Tenn. : 1886 : Daily)</subfield><subfield code="w">(DLC)sn 85042911</subfield></datafield><datafield ind1="1" ind2="4" tag="780"><subfield code="t">Knoxville tribune (Knoxville, Tenn. : 1892 : Daily)</subfield><subfield code="w">(DLC)sn 83025708</subfield></datafield><datafield ind1="0" ind2="0" tag="785"><subfield code="t">Knoxville journal and tribune</subfield><subfield code="w">(DLC)sn 85042912</subfield></datafield></record>